@online{
	Angabe1,
	title			= {"'Praktische Arbeit 2 zur Vorlesung 'Verteilte Systeme' ETH Z端rich, SS 2002"'},
	author			= {Prof.Dr.B.Plattner, 端bernommen von Prof.Dr.F.Mattern},
	howpublished 	= {\url {http://www.tik.ee.ethz.ch/tik/education/lectures/VS/SS02/Praktikum/aufgabe2.pdf}},
	note			= {zuletzt besucht: 12.02.2016}
}

@online{
	Angabe2,
	title		= {"'Praktische Arbeit 2 zur Vorlesung 'Verteilte Systeme' ETH Z端rich, SS 2002"'},
	author		= {Prof.Dr.B.Plattner, 端bernommen von Prof.Dr.F.Mattern},
	howpublished = {\url {http://www.tik.ee.ethz.ch/education/lectures/VS/SS02/Praktikum/loesung2.zip}},
	note			= {zuletzt besucht: 12.02.2016}
}

@online{
	Angabe3,
	title		= {"'Link aus Angabe DezSys10"'},
	author		= {inlab.de},
	howpublished = {\url {https://www.inlab.de/articles/free-and-open-source-load-balancing-software-and-projects.html}},
	note			= {zuletzt besucht: 12.02.2016}
}
